<record><leader>00000cas a22000007a 4500</leader><controlfield tag="001">13994549</controlfield><controlfield tag="008">860731d18981906txuwr ne      0   a0eng d</controlfield><datafield ind1=" " ind2=" " tag="010"><subfield code="a">sn 86088176 </subfield></datafield><datafield ind1=" " ind2=" " tag="040"><subfield code="a">PPM</subfield><subfield code="b">eng</subfield><subfield code="c">PPM</subfield><subfield code="d">DLC</subfield><subfield code="d">OCLCQ</subfield><subfield code="d">DLC</subfield><subfield code="d">OCLCF</subfield><subfield code="d">DLC</subfield></datafield><datafield ind1="0" ind2=" " tag="022"><subfield code="a">2473-5531</subfield><subfield code="2">1</subfield></datafield><datafield ind1=" " ind2=" " tag="042"><subfield code="a">msc</subfield><subfield code="a">nsdp</subfield></datafield><datafield ind1="1" ind2="0" tag="050"><subfield code="a">ISSN RECORD</subfield></datafield><datafield ind1="1" ind2="0" tag="082"><subfield code="a">071</subfield><subfield code="2">23</subfield></datafield><datafield ind1=" " ind2="0" tag="222"><subfield code="a">Austin weekly statesman and diversified farmer</subfield></datafield><datafield ind1="0" ind2="0" tag="245"><subfield code="a">Austin weekly statesman and diversified farmer.</subfield></datafield><datafield ind1=" " ind2=" " tag="260"><subfield code="a">Austin, Tex. :</subfield><subfield code="b">State Print. Co.</subfield></datafield><datafield ind1=" " ind2=" " tag="300"><subfield code="a">v. :</subfield><subfield code="b">ill. ;</subfield><subfield code="c">39 cm.</subfield></datafield><datafield ind1=" " ind2=" " tag="310"><subfield code="a">Weekly</subfield></datafield><datafield ind1="1" ind2=" " tag="362"><subfield code="a">Began in 1898; ceased in 1906?</subfield></datafield><datafield ind1=" " ind2=" " tag="580"><subfield code="a">Daily edition: Austin daily statesman (Austin, Tex : 1891), 1891-1902; Austin statesman (Austin, Tex. : 1902), 1902-1906.</subfield></datafield><datafield ind1=" " ind2=" " tag="588"><subfield code="a">Description based on: Dec. 6, 1905; title from caption.</subfield></datafield><datafield ind1=" " ind2="0" tag="651"><subfield code="a">Austin (Tex.)</subfield><subfield code="v">Newspapers.</subfield></datafield><datafield ind1=" " ind2="7" tag="651"><subfield code="a">Texas</subfield><subfield code="z">Austin.</subfield><subfield code="2">fast</subfield><subfield code="0">(OCoLC)fst01204313</subfield></datafield><datafield ind1=" " ind2="7" tag="655"><subfield code="a">Newspapers.</subfield><subfield code="2">fast</subfield><subfield code="0">(OCoLC)fst01423814</subfield></datafield><datafield ind1=" " ind2=" " tag="752"><subfield code="a">United States</subfield><subfield code="b">Texas</subfield><subfield code="c">Travis</subfield><subfield code="d">Austin.</subfield></datafield><datafield ind1="1" ind2=" " tag="775"><subfield code="t">Austin daily statesman (Austin, Tex. : 1891)</subfield><subfield code="x">2473-5558</subfield><subfield code="w">(DLC)sn 87090664</subfield><subfield code="w">(OCoLC)15151436</subfield></datafield><datafield ind1="1" ind2=" " tag="775"><subfield code="t">Austin statesman (Austin, Tex. : 1902)</subfield><subfield code="x">2473-5523</subfield><subfield code="w">(DLC)sn 87090665</subfield><subfield code="w">(OCoLC)16961795</subfield></datafield><datafield ind1="0" ind2="0" tag="780"><subfield code="t">Austin weekly statesman</subfield><subfield code="x">2331-6519</subfield><subfield code="w">(DLC)sn 86088296</subfield><subfield code="w">(OCoLC)13958767</subfield></datafield><datafield ind1="0" ind2="0" tag="785"><subfield code="t">Austin semi-weekly statesman and diversified farmer</subfield></datafield></record>